<?xml version="1.0" encoding="UTF-8"?><record xmlns="http://www.loc.gov/MARC21/slim" xmlns:cinclude="http://apache.org/cocoon/include/1.0" xmlns:zs="http://www.loc.gov/zing/srw/">
  <leader>00850cz  a2200205n  4500</leader>
  <controlfield tag="001">n  82154543 </controlfield>
  <controlfield tag="003">DLC</controlfield>
  <controlfield tag="005">20090104081218.0</controlfield>
  <controlfield tag="008">821118n| acannaabn          |b aaa      </controlfield>
  <datafield tag="010" ind1=" " ind2=" ">
    <subfield code="a">n  82154543 </subfield>
  </datafield>
  <datafield tag="035" ind1=" " ind2=" ">
    <subfield code="a">(OCoLC)oca00850541</subfield>
  </datafield>
  <datafield tag="040" ind1=" " ind2=" ">
    <subfield code="a">DLC</subfield>
    <subfield code="b">eng</subfield>
    <subfield code="c">DLC</subfield>
    <subfield code="d">OCoLC</subfield>
  </datafield>
  <datafield tag="100" ind1="1" ind2=" ">
    <subfield code="a">ʻUryān, Jaʻfar Yaʻqūb</subfield>
  </datafield>
  <datafield tag="400" ind1="0" ind2=" ">
    <subfield code="a">Jaʻfar Yaʻqūb al-ʻUryān</subfield>
  </datafield>
  <datafield tag="400" ind1="1" ind2=" ">
    <subfield code="a">ʻIryān, Jaʻfar Yaʻqūb</subfield>
  </datafield>
  <datafield tag="400" ind1="0" ind2=" ">
    <subfield code="a">Jaʻfar Yaʻqūb al-ʻIryān</subfield>
  </datafield>
  <datafield tag="400" ind1="1" ind2=" ">
    <subfield code="a">جعفر يعقوب العريان</subfield>
  </datafield>
  <datafield tag="667" ind1=" " ind2=" ">
    <subfield code="a">Machine-derived non-Latin script reference project.</subfield>
  </datafield>
  <datafield tag="667" ind1=" " ind2=" ">
    <subfield code="a">Non-Latin script reference not evaluated.</subfield>
  </datafield>
  <datafield tag="670" ind1=" " ind2=" ">
    <subfield code="a">ʻAskar, ʻA. al-Sulūk al-basharī fī majālāt al-ʻamal, 1982 (a.e.)</subfield>
    <subfield code="b">t.p. (Jaʻfar Yaʻqūb al-ʻUryān, Mājistīr fī al-idārah al-tarbawīyah, Jāmiʻat Mīshījān, al-Wilāyāt al-Muttaḥidah)</subfield>
  </datafield>
</record>